%!TEX root = gemm_analysis_wse.tex

@misc{blas,
author={BLAS},
url = {https://netlib.org/blas/}
}


@article{van1997summa,
  title={SUMMA: Scalable universal matrix multiplication algorithm},
  author={Van De Geijn, Robert A and Watts, Jerrell},
  journal={Concurrency: Practice and Experience},
  volume={9},
  number={4},
  pages={255--274},
  year={1997},
  publisher={Wiley Online Library}
}